
@article{guyonartificial,
  title={Artificial Intelligence for All},
  author={Guyon, Isabelle}
}

@Misc{hydra,
  author =       {Omry Yadan},
  title =        {Hydra - A framework for elegantly configuring complex applications},
  howpublished = {Github},
  year =         {2019},
  url =          {https://github.com/facebookresearch/hydra}
}

@Misc{ginconfig,
  author =       {Dan Holtmann-Rice and Sergio Guadarrama and Nathan Silberman},
  title =        {Gin Config - provides a lightweight configuration framework for Python},
  howpublished = {Github},
  year =         {2018},
  url =          {https://github.com/google/gin-config}
}

@Misc{pydantic,
  author =       {Samuel Colvin},
  title =        {pydantic - Data parsing and validation using Python type hints},
  howpublished = {Github},
  year =         {2019},
  url =          {https://github.com/pydantic/pydantic}
}

@Misc{omegaconf,
  title =        {OmegaConf - Flexible Python configuration system},
  howpublished = {Github},
  year =         {2012},
  url =          {https://github.com/omry/omegaconf}
}

@Misc{dynaconf,
  author =       {Bruno Rocha},
  title =        {dynaconf - Configuration Management for Python},
  howpublished = {Github},
  year =         {2018},
  url =          {https://github.com/dynaconf/dynaconf}
}

@Misc{configparser,
  title =        {configparser - Configuration file parser},
  url =          {https://docs.python.org/3/library/configparser.html}
}

@Misc{argparse,
  title =        {argparse - Parser for command-line options, arguments and sub-commands},
  url =          {https://docs.python.org/3/library/argparse.html}
}

@article{arro2022confr,
  title={confr--A Configuration System for Machine Learning Projects},
  author={Arro, Mattias},
  year={2022}
}

@article{soklaski2022tools,
  title={Tools and Practices for Responsible AI Engineering},
  author={Soklaski, Ryan and Goodwin, Justin and Brown, Olivia and Yee, Michael and Matterer, Jason},
  journal={arXiv preprint arXiv:2201.05647},
  year={2022}
}


@article{raghupathi2022reproducibility,
  title={Reproducibility in Computing Research: An Empirical Study},
  author={Raghupathi, Wullianallur and Raghupathi, Viju and Ren, Jie},
  journal={IEEE Access},
  volume={10},
  pages={29207--29223},
  year={2022},
  publisher={IEEE}
}


@article{moraila2014measuring,
  title={Measuring reproducibility in computer systems research},
  author={Moraila, Gina and Shankaran, Akash and Shi, Zuoming and Warren, Alex M}
}

@article{ebert2016devops,
  title={DevOps},
  author={Ebert, Christof and Gallardo, Gorka and Hernantes, Josune and Serrano, Nicolas},
  journal={Ieee Software},
  volume={33},
  number={3},
  pages={94--100},
  year={2016},
  publisher={IEEE}
}

@book{treveil2020introducing,
  title={Introducing MLOps},
  author={Treveil, Mark and Omont, Nicolas and Stenac, Cl{\'e}ment and Lefevre, Kenji and Phan, Du and Zentici, Joachim and Lavoillotte, Adrien and Miyazaki, Makoto and Heidmann, Lynn},
  year={2020},
  publisher={O'Reilly Media}
}

@article{pineau2021improving,
  title={Improving reproducibility in machine learning research: a report from the NeurIPS 2019 reproducibility program},
  author={Pineau, Joelle and Vincent-Lamarre, Philippe and Sinha, Koustuv and Larivi{\`e}re, Vincent and Beygelzimer, Alina and d’Alch{\'e}-Buc, Florence and Fox, Emily and Larochelle, Hugo},
  journal={Journal of Machine Learning Research},
  volume={22},
  year={2021},
  publisher={Microtome Publishing}
}

@inproceedings{aho2020demystifying,
  title={Demystifying data science projects: A look on the people and process of data science today},
  author={Aho, Timo and Sievi-Korte, Outi and Kilamo, Terhi and Yaman, Sezin and Mikkonen, Tommi},
  booktitle={International Conference on product-focused software process improvement},
  pages={153--167},
  year={2020},
  doi={10.1007/978-3-030-64148-1_10},
  organization={Springer}
}

@book{chacon2014pro,
  title={Pro git},
  author={Chacon, Scott and Straub, Ben},
  year={2014},
  publisher={Springer Nature}
}

@incollection{angwin2016machine,
  title={Machine bias},
  author={Angwin, Julia and Larson, Jeff and Mattu, Surya and Kirchner, Lauren},
  booktitle={Ethics of Data and Analytics},
  pages={254--264},
  year={2016},
  publisher={Auerbach Publications}
}

@article{he2021automl,
  title={AutoML: A survey of the state-of-the-art},
  author={He, Xin and Zhao, Kaiyong and Chu, Xiaowen},
  journal={Knowledge-Based Systems},
  volume={212},
  pages={106622},
  year={2021},
  doi={10.1016/j.knosys.2020.106622},
  publisher={Elsevier}
}

@article{ben2009yaml,
  title={Yaml ain’t markup language (yaml™) version 1.1},
  author={Ben-Kiki, Oren and Evans, Clark}
}

